@article{uppu2016towards,
  title={Towards Deep Learning in genome-Wide Association Interaction studies.},
  author={Uppu, Suneetha and Krishna, Aneesh and Gopalan, Raj P},
  booktitle={PACIS},
  pages={20},
  year={2016}
}
@article{bush2012genome,
  title={Genome-wide association studies},
  author={Bush, William S and Moore, Jason H},
  journal={PLoS computational biology},
  volume={8},
  number={12},
  pages={e1002822},
  year={2012},
  publisher={Public Library of Science}
}
@article{10002012integrated,
  title={An integrated map of genetic variation from 1,092 human genomes},
  author={1000 Genomes Project Consortium and others},
  journal={Nature},
  volume={491},
  number={7422},
  pages={56},
  year={2012},
  publisher={Nature Publishing Group}
}
@article{moore2010bioinformatics,
  title={Bioinformatics challenges for genome-wide association studies},
  author={Moore, Jason H and Asselbergs, Folkert W and Williams, Scott M},
  journal={Bioinformatics},
  volume={26},
  number={4},
  pages={445--455},
  year={2010},
  publisher={Oxford University Press}
}

@article{wen2017methodological,
  title={Methodological implementation of mixed linear models in multi-locus genome-wide association studies},
  author={Wen, Yang-Jun and Zhang, Hanwen and Ni, Yuan-Li and Huang, Bo and Zhang, Jin and Feng, Jian-Ying and Wang, Shi-Bo and Dunwell, Jim M and Zhang, Yuan-Ming and Wu, Rongling},
  journal={Briefings in bioinformatics},
  pages={bbw145},
  year={2017},
  publisher={Oxford University Press}
}

@article{mccarthy2009genome,
  title={Genome-wide association studies in type 2 diabetes},
  author={McCarthy, Mark I and Zeggini, Eleftheria},
  journal={Current diabetes reports},
  volume={9},
  number={2},
  pages={164--171},
  year={2009},
  publisher={Springer}
}

@article{prasad2015genetics,
  title={Genetics of type 2 diabetes—pitfalls and possibilities},
  author={Prasad, Rashmi B and Groop, Leif},
  journal={Genes},
  volume={6},
  number={1},
  pages={87--123},
  year={2015},
  publisher={Multidisciplinary Digital Publishing Institute}
}

@article{fuchsberger2016genetic,
  title={The genetic architecture of type 2 diabetes},
  author={Fuchsberger, Christian and Flannick, Jason and Teslovich, Tanya M and Mahajan, Anubha and Agarwala, Vineeta and Gaulton, Kyle J and Ma, Clement and Fontanillas, Pierre and Moutsianas, Loukas and McCarthy, Davis J and others},
  journal={Nature},
  volume={536},
  number={7614},
  pages={41--47},
  year={2016},
  publisher={Nature Research}
}


@article{zuk2012mystery,
  title={The mystery of missing heritability: Genetic interactions create phantom heritability},
  author={Zuk, Or and Hechter, Eliana and Sunyaev, Shamil R and Lander, Eric S},
  journal={Proceedings of the National Academy of Sciences},
  volume={109},
  number={4},
  pages={1193--1198},
  year={2012},
  publisher={National Acad Sciences}
}

@article{vijan2010type,
  title={Type 2 diabetes},
  author={Vijan, Sandeep},
  journal={Annals of internal medicine},
  volume={152},
  number={5},
  pages={ITC3--1},
  year={2010},
  publisher={Am Coll Physicians}
}

@article{visscher201710,
  title={10 years of GWAS discovery: biology, function, and translation},
  author={Visscher, Peter M and Wray, Naomi R and Zhang, Qian and Sklar, Pamela and McCarthy, Mark I and Brown, Matthew A and Yang, Jian},
  journal={The American Journal of Human Genetics},
  volume={101},
  number={1},
  pages={5--22},
  year={2017},
  publisher={Elsevier}
}

@article{schmutz2004quality,
  title={Quality assessment of the human genome sequence},
  author={Schmutz, Jeremy and Wheeler, Jeremy and Grimwood, Jane and Dickson, Mark and Yang, Joan and Caoile, Chenier and Bajorek, Eva and Black, Stacey and Chan, Yee Man and Denys, Mirian and others},
  journal={Nature},
  volume={429},
  number={6990},
  pages={365--368},
  year={2004},
  publisher={Nature Publishing Group}
}

@article{slatkin2008linkage,
  title={Linkage disequilibrium—understanding the evolutionary past and mapping the medical future},
  author={Slatkin, Montgomery},
  journal={Nature Reviews Genetics},
  volume={9},
  number={6},
  pages={477--485},
  year={2008},
  publisher={Nature Publishing Group}
}

@article{scott2007genome,
  title={A genome-wide association study of type 2 diabetes in Finns detects multiple susceptibility variants},
  author={Scott, Laura J and Mohlke, Karen L and Bonnycastle, Lori L and Willer, Cristen J and Li, Yun and Duren, William L and Erdos, Michael R and Stringham, Heather M and Chines, Peter S and Jackson, Anne U and others},
  journal={science},
  volume={316},
  number={5829},
  pages={1341--1345},
  year={2007},
  publisher={American Association for the Advancement of Science}
}

@article{hill1968linkage,
  title={Linkage disequilibrium in finite populations},
  author={Hill, WG and Robertson, Alan},
  journal={TAG Theoretical and Applied Genetics},
  volume={38},
  number={6},
  pages={226--231},
  year={1968},
  publisher={Springer}
}

@article{haley1992simple,
  title={A simple regression method for mapping quantitative trait loci in line crosses using flanking markers},
  author={Haley, Chris S and Knott, Sarah A and others},
  journal={Heredity},
  volume={69},
  number={4},
  pages={315--324},
  year={1992}
}

@inproceedings{bush2009biofilter,
  title={Biofilter: a knowledge-integration system for the multi-locus analysis of genome-wide association studies},
  author={Bush, William S and Dudek, Scott M and Ritchie, Marylyn D},
  booktitle={Pacific Symposium on Biocomputing. Pacific Symposium on Biocomputing},
  pages={368},
  year={2009},
  organization={NIH Public Access}
}
@article{mooney2012ga,
  title={The GA and the GWAS: using genetic algorithms to search for multilocus associations},
  author={Mooney, Michael and Wilmot, Beth and McWeeney, Shannon and others},
  journal={IEEE/ACM Transactions on Computational Biology and Bioinformatics (TCBB)},
  volume={9},
  number={3},
  pages={899--910},
  year={2012},
  publisher={IEEE Computer Society Press}
}
@article{turner2011knowledge,
  title={Knowledge-driven multi-locus analysis reveals gene-gene interactions influencing HDL cholesterol level in two independent EMR-linked biobanks},
  author={Turner, Stephen D and Berg, Richard L and Linneman, James G and Peissig, Peggy L and Crawford, Dana C and Denny, Joshua C and Roden, Dan M and McCarty, Catherine A and Ritchie, Marylyn D and Wilke, Russell A},
  journal={PloS one},
  volume={6},
  number={5},
  pages={e19586},
  year={2011},
  publisher={Public Library of Science}
}
@article{carlson2004mapping,
  title={Mapping complex disease loci in whole-genome association studies},
  author={Carlson, Christopher S and Eberle, Michael A and Kruglyak, Leonid and Nickerson, Deborah A},
  journal={Nature},
  volume={429},
  number={6990},
  pages={446--452},
  year={2004},
  publisher={Nature Publishing Group}
}
@article{zhang2012mining,
  title={Mining genome-wide genetic markers},
  author={Zhang, Xiang and Huang, Shunping and Zhang, Zhaojun and Wang, Wei},
  journal={PLoS computational biology},
  volume={8},
  number={12},
  pages={e1002828},
  year={2012},
  publisher={Public Library of Science}
}
@article{witherspoon2007genetic,
  title={Genetic similarities within and between human populations},
  author={Witherspoon, David J and Wooding, Stephen and Rogers, Alan R and Marchani, Elizabeth E and Watkins, W Scott and Batzer, Mark A and Jorde, Lynn B},
  journal={Genetics},
  volume={176},
  number={1},
  pages={351--359},
  year={2007},
  publisher={Genetics Soc America}
}
@article{international2010integrating,
  title={Integrating common and rare genetic variation in diverse human populations},
  author={International HapMap 3 Consortium and others},
  journal={Nature},
  volume={467},
  number={7311},
  pages={52},
  year={2010},
  publisher={Nature Publishing Group}
}
@article{yang2010common,
  title={Common SNPs explain a large proportion of the heritability for human height},
  author={Yang, Jian and Benyamin, Beben and McEvoy, Brian P and Gordon, Scott and Henders, Anjali K and Nyholt, Dale R and Madden, Pamela A and Heath, Andrew C and Martin, Nicholas G and Montgomery, Grant W and others},
  journal={Nature genetics},
  volume={42},
  number={7},
  pages={565},
  year={2010},
  publisher={Nature Publishing Group}
}
@article{ali2013genetics,
  title={Genetics of type 2 diabetes},
  author={Ali, Omar},
  journal={World journal of diabetes},
  volume={4},
  number={4},
  pages={114},
  year={2013},
  publisher={Baishideng Publishing Group Inc}
}
@article{wang2016genetic,
  title={Genetic markers of type 2 diabetes: Progress in genome-wide association studies and clinical application for risk prediction},
  author={Wang, Xueyin and Strizich, Garrett and Hu, Yonghua and Wang, Tao and Kaplan, Robert C and Qi, Qibin},
  journal={Journal of diabetes},
  volume={8},
  number={1},
  pages={24--35},
  year={2016},
  publisher={Wiley Online Library}
}
@article{sanghera2012type,
  title={Type 2 diabetes genetics: beyond GWAS},
  author={Sanghera, Dharambir K and Blackett, Piers R},
  journal={Journal of diabetes \& metabolism},
  volume={3},
  number={198},
  year={2012},
  publisher={NIH Public Access}
}
@article{willemsen2015concordance,
  title={The concordance and heritability of type 2 diabetes in 34,166 twin pairs from international twin registers: the discordant twin (DISCOTWIN) consortium},
  author={Willemsen, Gonneke and Ward, Kirsten J and Bell, Christopher G and Christensen, Kaare and Bowden, Jocelyn and Dalg{\aa}rd, Christine and Harris, Jennifer R and Kaprio, Jaakko and Lyle, Robert and Magnusson, Patrik KE and others},
  journal={Twin Research and Human Genetics},
  volume={18},
  number={6},
  pages={762--771},
  year={2015},
  publisher={Cambridge University Press}
}
@article{reich2001allelic,
  title={On the allelic spectrum of human disease},
  author={Reich, David E and Lander, Eric S},
  journal={TRENDS in Genetics},
  volume={17},
  number={9},
  pages={502--510},
  year={2001},
  publisher={Elsevier}
}
@article{lander2011initial,
  title={Initial impact of the sequencing of the human genome},
  author={Lander, Eric S},
  journal={Nature},
  volume={470},
  number={7333},
  pages={187},
  year={2011},
  publisher={Nature Publishing Group}
}
@article{huyghe2013exome,
  title={Exome array analysis identifies new loci and low-frequency variants influencing insulin processing and secretion},
  author={Huyghe, Jeroen R and Jackson, Anne U and Fogarty, Marie P and Buchkovich, Martin L and Stan{\v{c}}{\'a}kov{\'a}, Alena and Stringham, Heather M and Sim, Xueling and Yang, Lingyao and Fuchsberger, Christian and Cederberg, Henna and others},
  journal={Nature genetics},
  volume={45},
  number={2},
  pages={197},
  year={2013},
  publisher={Nature Publishing Group}
}
@article{hu2017leveraging,
  title={Leveraging functional annotations in genetic risk prediction for human complex diseases},
  author={Hu, Yiming and Lu, Qiongshi and Powles, Ryan and Yao, Xinwei and Yang, Can and Fang, Fang and Xu, Xinran and Zhao, Hongyu},
  journal={PLoS computational biology},
  volume={13},
  number={6},
  pages={e1005589},
  year={2017},
  publisher={Public Library of Science}
}
@article{ioannidis2008effect,
  title={Effect of formal statistical significance on the credibility of observational associations},
  author={Ioannidis, John PA},
  journal={American journal of epidemiology},
  volume={168},
  number={4},
  pages={374--383},
  year={2008},
  publisher={Oxford University Press}
}
@article{o2008bayesian,
  title={Bayesian approaches in evolutionary quantitative genetics},
  author={O’HARA, RB and Cano, JM and Ovaskainen, O and Teplitsky, CAJS and Alho, JS},
  journal={Journal of evolutionary biology},
  volume={21},
  number={4},
  pages={949--957},
  year={2008},
  publisher={Wiley Online Library}
}
@article{stephens2009bayesian,
  title={Bayesian statistical methods for genetic association studies},
  author={Stephens, Matthew and Balding, David J},
  journal={Nature Reviews Genetics},
  volume={10},
  number={10},
  pages={681},
  year={2009},
  publisher={Nature Publishing Group}
}
@article{fernando2017application,
  title={Application of whole-genome prediction methods for genome-wide association studies: a Bayesian approach},
  author={Fernando, Rohan and Toosi, Ali and Wolc, Anna and Garrick, Dorian and Dekkers, Jack},
  journal={Journal of Agricultural, Biological and Environmental Statistics},
  volume={22},
  number={2},
  pages={172--193},
  year={2017},
  publisher={Springer}
}
@article{marchini2007new,
  title={A new multipoint method for genome-wide association studies by imputation of genotypes},
  author={Marchini, Jonathan and Howie, Bryan and Myers, Simon and McVean, Gil and Donnelly, Peter},
  journal={Nature genetics},
  volume={39},
  number={7},
  pages={906},
  year={2007},
  publisher={Nature Publishing Group}
}
@article{friedlander2016analyzing,
  title={Analyzing Genome-wide Association Study Data with the R Package genMOSS},
  author={Friedlander, Matthew and Dobra, Adrian and Massam, H{\'e}lene and Briollais, Laurent},
  journal={arXiv preprint arXiv:1611.07537},
  year={2016}
}
@article{guan2008practical,
  title={Practical issues in imputation-based association mapping},
  author={Guan, Yongtao and Stephens, Matthew},
  journal={PLoS genetics},
  volume={4},
  number={12},
  pages={e1000279},
  year={2008},
  publisher={Public Library of Science}
}