@article{uppu2016towards,
  title={Towards Deep Learning in genome-Wide Association Interaction studies.},
  author={Uppu, Suneetha and Krishna, Aneesh and Gopalan, Raj P},
  booktitle={PACIS},
  pages={20},
  year={2016}
}
@article{da2016diabetes,
  title={Diabetes: Factos e N{\'u}meros-O ano de 2015-Relat{\'o}rio Anual do Observat{\'o}rio Nacional para a Diabetes},
  author={da Diabetes, Observat{\'o}rio},
  journal={Lisboa: Sociedade Portuguesa de Diabetologia},
  year={2016}
}
@article{riddle2018cost,
  title={The Cost of Diabetes Care—An Elephant in the Room},
  author={Riddle, Matthew C and Herman, William H},
  journal={Diabetes care},
  volume={41},
  number={5},
  pages={929--932},
  year={2018},
  publisher={Am Diabetes Assoc}
}
@article{chan1994obesity,
  title={Obesity, fat distribution, and weight gain as risk factors for clinical diabetes in men},
  author={Chan, June M and Rimm, Eric B and Colditz, Graham A and Stampfer, Meir J and Willett, Walter C},
  journal={Diabetes care},
  volume={17},
  number={9},
  pages={961--969},
  year={1994},
  publisher={Am Diabetes Assoc}
}
@article{ley2014prevention,
  title={Prevention and management of type 2 diabetes: dietary components and nutritional strategies},
  author={Ley, Sylvia H and Hamdy, Osama and Mohan, Viswanathan and Hu, Frank B},
  journal={The Lancet},
  volume={383},
  number={9933},
  pages={1999--2007},
  year={2014},
  publisher={Elsevier}
}
@article{haffner1998epidemiology,
  title={Epidemiology of type 2 diabetes: risk factors},
  author={Haffner, Steven M},
  journal={Diabetes care},
  volume={21},
  number={Supplement 3},
  pages={C3--C6},
  year={1998},
  publisher={Am Diabetes Assoc}
}
@article{bommer2017global,
  title={The global economic burden of diabetes in adults aged 20--79 years: a cost-of-illness study},
  author={Bommer, Christian and Heesemann, Esther and Sagalova, Vera and Manne-Goehler, Jennifer and Atun, Rifat and B{\"a}rnighausen, Till and Vollmer, Sebastian},
  journal={The lancet Diabetes \& endocrinology},
  volume={5},
  number={6},
  pages={423--430},
  year={2017},
  publisher={Elsevier}
}
@article{bush2012genome,
  title={Genome-wide association studies},
  author={Bush, William S and Moore, Jason H},
  journal={PLoS computational biology},
  volume={8},
  number={12},
  pages={e1002822},
  year={2012},
  publisher={Public Library of Science}
}
@article{10002012integrated,
  title={An integrated map of genetic variation from 1,092 human genomes},
  author={1000 Genomes Project Consortium and others},
  journal={Nature},
  volume={491},
  number={7422},
  pages={56},
  year={2012},
  publisher={Nature Publishing Group}
}
@article{moore2010bioinformatics,
  title={Bioinformatics challenges for genome-wide association studies},
  author={Moore, Jason H and Asselbergs, Folkert W and Williams, Scott M},
  journal={Bioinformatics},
  volume={26},
  number={4},
  pages={445--455},
  year={2010},
  publisher={Oxford University Press}
}

@article{wen2017methodological,
  title={Methodological implementation of mixed linear models in multi-locus genome-wide association studies},
  author={Wen, Yang-Jun and Zhang, Hanwen and Ni, Yuan-Li and Huang, Bo and Zhang, Jin and Feng, Jian-Ying and Wang, Shi-Bo and Dunwell, Jim M and Zhang, Yuan-Ming and Wu, Rongling},
  journal={Briefings in bioinformatics},
  pages={bbw145},
  year={2017},
  publisher={Oxford University Press}
}
@article{luchsinger2012type,
  title={Type 2 diabetes and cognitive impairment: linking mechanisms},
  author={Luchsinger, Jos{\'e} A},
  journal={Journal of Alzheimer's Disease},
  volume={30},
  number={s2},
  pages={S185--S198},
  year={2012},
  publisher={IOS Press}
}
@article{bjornsson2008intra,
  title={Intra-individual change over time in DNA methylation with familial clustering},
  author={Bjornsson, Hans T and Sigurdsson, Martin I and Fallin, M Daniele and Irizarry, Rafael A and Aspelund, Thor and Cui, Hengmi and Yu, Wenqiang and Rongione, Michael A and Ekstr{\"o}m, Tomas J and Harris, Tamara B and others},
  journal={Jama},
  volume={299},
  number={24},
  pages={2877--2883},
  year={2008},
  publisher={American Medical Association}
}
@article{mccarthy2009genome,
  title={Genome-wide association studies in type 2 diabetes},
  author={McCarthy, Mark I and Zeggini, Eleftheria},
  journal={Current diabetes reports},
  volume={9},
  number={2},
  pages={164--171},
  year={2009},
  publisher={Springer}
}
@article{bro2014principal,
  title={Principal component analysis},
  author={Bro, Rasmus and Smilde, Age K},
  journal={Analytical Methods},
  volume={6},
  number={9},
  pages={2812--2831},
  year={2014},
  publisher={Royal Society of Chemistry}
}
@article{prasad2015genetics,
  title={Genetics of type 2 diabetes—pitfalls and possibilities},
  author={Prasad, Rashmi B and Groop, Leif},
  journal={Genes},
  volume={6},
  number={1},
  pages={87--123},
  year={2015},
  publisher={Multidisciplinary Digital Publishing Institute}
}
@article{wigginton2005note,
  title={A note on exact tests of Hardy-Weinberg equilibrium},
  author={Wigginton, Janis E and Cutler, David J and Abecasis, Gon{\c{c}}alo R},
  journal={The American Journal of Human Genetics},
  volume={76},
  number={5},
  pages={887--893},
  year={2005},
  publisher={Elsevier}
}
@article{marjoram2014post,
  title={Post-GWAS: where next? More samples, more SNPs or more biology?},
  author={Marjoram, P and Zubair, A and Nuzhdin, SV},
  journal={Heredity},
  volume={112},
  number={1},
  pages={79},
  year={2014},
  publisher={Nature Publishing Group}
}
@article{powers2011evaluation,
  title={Evaluation: from precision, recall and F-measure to ROC, informedness, markedness and correlation},
  author={Powers, David Martin},
  year={2011},
  publisher={Bioinfo Publications}
}
@article{xu2009snpinfo,
  title={SNPinfo: integrating GWAS and candidate gene information into functional SNP selection for genetic association studies},
  author={Xu, Zongli and Taylor, Jack A},
  journal={Nucleic acids research},
  volume={37},
  number={suppl\_2},
  pages={W600--W605},
  year={2009},
  publisher={Oxford University Press}
}
@article{hosking2004detection,
  title={Detection of genotyping errors by Hardy--Weinberg equilibrium testing},
  author={Hosking, Louise and Lumsden, Sheena and Lewis, Karen and Yeo, Astrid and McCarthy, Linda and Bansal, Aruna and Riley, John and Purvis, Ian and Xu, Chun-Fang},
  journal={European Journal of Human Genetics},
  volume={12},
  number={5},
  pages={395},
  year={2004},
  publisher={Nature Publishing Group}
}
@article{chatterjee2017type,
  title={Type 2 diabetes},
  author={Chatterjee, Sudesna and Khunti, Kamlesh and Davies, Melanie J},
  journal={The Lancet},
  volume={389},
  number={10085},
  pages={2239--2251},
  year={2017},
  publisher={Elsevier}
}
@article{hearst1998support,
  title={Support vector machines},
  author={Hearst, Marti A. and Dumais, Susan T and Osuna, Edgar and Platt, John and Scholkopf, Bernhard},
  journal={IEEE Intelligent Systems and their applications},
  volume={13},
  number={4},
  pages={18--28},
  year={1998},
  publisher={IEEE}
}
@article{geurts2006extremely,
  title={Extremely randomized trees},
  author={Geurts, Pierre and Ernst, Damien and Wehenkel, Louis},
  journal={Machine learning},
  volume={63},
  number={1},
  pages={3--42},
  year={2006},
  publisher={Springer}
}
@article{breiman2001random,
  title={Random forests},
  author={Breiman, Leo},
  journal={Machine learning},
  volume={45},
  number={1},
  pages={5--32},
  year={2001},
  publisher={Springer}
}
@article{quinlan1986induction,
  title={Induction of decision trees},
  author={Quinlan, J. Ross},
  journal={Machine learning},
  volume={1},
  number={1},
  pages={81--106},
  year={1986},
  publisher={Springer}
}
@incollection{izenman2013linear,
  title={Linear discriminant analysis},
  author={Izenman, Alan Julian},
  booktitle={Modern multivariate statistical techniques},
  pages={237--280},
  year={2013},
  publisher={Springer}
}
@article{price2006principal,
  title={Principal components analysis corrects for stratification in genome-wide association studies},
  author={Price, Alkes L and Patterson, Nick J and Plenge, Robert M and Weinblatt, Michael E and Shadick, Nancy A and Reich, David},
  journal={Nature genetics},
  volume={38},
  number={8},
  pages={904},
  year={2006},
  publisher={Nature Publishing Group}
}
@incollection{fernando2013bayesian,
  title={Bayesian methods applied to GWAS},
  author={Fernando, Rohan L and Garrick, Dorian},
  booktitle={Genome-wide association studies and genomic prediction},
  pages={237--274},
  year={2013},
  publisher={Springer}
}
@article{abraham2014fast,
  title={Fast principal component analysis of large-scale genome-wide data},
  author={Abraham, Gad and Inouye, Michael},
  journal={PloS one},
  volume={9},
  number={4},
  pages={e93766},
  year={2014},
  publisher={Public Library of Science}
}
@incollection{winham2013applications,
  title={Applications of multifactor dimensionality reduction to genome-wide data using the R package ‘MDR’},
  author={Winham, Stacey},
  booktitle={Genome-Wide Association Studies and Genomic Prediction},
  pages={479--498},
  year={2013},
  publisher={Springer}
}
@article{fuchsberger2016genetic,
  title={The genetic architecture of type 2 diabetes},
  author={Fuchsberger, Christian and Flannick, Jason and Teslovich, Tanya M and Mahajan, Anubha and Agarwala, Vineeta and Gaulton, Kyle J and Ma, Clement and Fontanillas, Pierre and Moutsianas, Loukas and McCarthy, Davis J and others},
  journal={Nature},
  volume={536},
  number={7614},
  pages={41--47},
  year={2016},
  publisher={Nature Research}
}


@article{zuk2012mystery,
  title={The mystery of missing heritability: Genetic interactions create phantom heritability},
  author={Zuk, Or and Hechter, Eliana and Sunyaev, Shamil R and Lander, Eric S},
  journal={Proceedings of the National Academy of Sciences},
  volume={109},
  number={4},
  pages={1193--1198},
  year={2012},
  publisher={National Acad Sciences}
}

@article{vijan2010type,
  title={Type 2 diabetes},
  author={Vijan, Sandeep},
  journal={Annals of internal medicine},
  volume={152},
  number={5},
  pages={ITC3--1},
  year={2010},
  publisher={Am Coll Physicians}
}

@article{visscher201710,
  title={10 years of GWAS discovery: biology, function, and translation},
  author={Visscher, Peter M and Wray, Naomi R and Zhang, Qian and Sklar, Pamela and McCarthy, Mark I and Brown, Matthew A and Yang, Jian},
  journal={The American Journal of Human Genetics},
  volume={101},
  number={1},
  pages={5--22},
  year={2017},
  publisher={Elsevier}
}

@article{schmutz2004quality,
  title={Quality assessment of the human genome sequence},
  author={Schmutz, Jeremy and Wheeler, Jeremy and Grimwood, Jane and Dickson, Mark and Yang, Joan and Caoile, Chenier and Bajorek, Eva and Black, Stacey and Chan, Yee Man and Denys, Mirian and others},
  journal={Nature},
  volume={429},
  number={6990},
  pages={365--368},
  year={2004},
  publisher={Nature Publishing Group}
}

@article{slatkin2008linkage,
  title={Linkage disequilibrium—understanding the evolutionary past and mapping the medical future},
  author={Slatkin, Montgomery},
  journal={Nature Reviews Genetics},
  volume={9},
  number={6},
  pages={477--485},
  year={2008},
  publisher={Nature Publishing Group}
}

@article{scott2007genome,
  title={A genome-wide association study of type 2 diabetes in Finns detects multiple susceptibility variants},
  author={Scott, Laura J and Mohlke, Karen L and Bonnycastle, Lori L and Willer, Cristen J and Li, Yun and Duren, William L and Erdos, Michael R and Stringham, Heather M and Chines, Peter S and Jackson, Anne U and others},
  journal={science},
  volume={316},
  number={5829},
  pages={1341--1345},
  year={2007},
  publisher={American Association for the Advancement of Science}
}

@article{hill1968linkage,
  title={Linkage disequilibrium in finite populations},
  author={Hill, WG and Robertson, Alan},
  journal={TAG Theoretical and Applied Genetics},
  volume={38},
  number={6},
  pages={226--231},
  year={1968},
  publisher={Springer}
}

@article{haley1992simple,
  title={A simple regression method for mapping quantitative trait loci in line crosses using flanking markers},
  author={Haley, Chris S and Knott, Sarah A and others},
  journal={Heredity},
  volume={69},
  number={4},
  pages={315--324},
  year={1992}
}

@inproceedings{bush2009biofilter,
  title={Biofilter: a knowledge-integration system for the multi-locus analysis of genome-wide association studies},
  author={Bush, William S and Dudek, Scott M and Ritchie, Marylyn D},
  booktitle={Pacific Symposium on Biocomputing. Pacific Symposium on Biocomputing},
  pages={368},
  year={2009},
  organization={NIH Public Access}
}
@article{mooney2012ga,
  title={The GA and the GWAS: using genetic algorithms to search for multilocus associations},
  author={Mooney, Michael and Wilmot, Beth and McWeeney, Shannon and others},
  journal={IEEE/ACM Transactions on Computational Biology and Bioinformatics (TCBB)},
  volume={9},
  number={3},
  pages={899--910},
  year={2012},
  publisher={IEEE Computer Society Press}
}
@article{turner2011knowledge,
  title={Knowledge-driven multi-locus analysis reveals gene-gene interactions influencing HDL cholesterol level in two independent EMR-linked biobanks},
  author={Turner, Stephen D and Berg, Richard L and Linneman, James G and Peissig, Peggy L and Crawford, Dana C and Denny, Joshua C and Roden, Dan M and McCarty, Catherine A and Ritchie, Marylyn D and Wilke, Russell A},
  journal={PloS one},
  volume={6},
  number={5},
  pages={e19586},
  year={2011},
  publisher={Public Library of Science}
}
@article{carlson2004mapping,
  title={Mapping complex disease loci in whole-genome association studies},
  author={Carlson, Christopher S and Eberle, Michael A and Kruglyak, Leonid and Nickerson, Deborah A},
  journal={Nature},
  volume={429},
  number={6990},
  pages={446--452},
  year={2004},
  publisher={Nature Publishing Group}
}
@article{zhang2012mining,
  title={Mining genome-wide genetic markers},
  author={Zhang, Xiang and Huang, Shunping and Zhang, Zhaojun and Wang, Wei},
  journal={PLoS computational biology},
  volume={8},
  number={12},
  pages={e1002828},
  year={2012},
  publisher={Public Library of Science}
}
@article{witherspoon2007genetic,
  title={Genetic similarities within and between human populations},
  author={Witherspoon, David J and Wooding, Stephen and Rogers, Alan R and Marchani, Elizabeth E and Watkins, W Scott and Batzer, Mark A and Jorde, Lynn B},
  journal={Genetics},
  volume={176},
  number={1},
  pages={351--359},
  year={2007},
  publisher={Genetics Soc America}
}
@article{international2010integrating,
  title={Integrating common and rare genetic variation in diverse human populations},
  author={International HapMap 3 Consortium and others},
  journal={Nature},
  volume={467},
  number={7311},
  pages={52},
  year={2010},
  publisher={Nature Publishing Group}
}
@article{yang2010common,
  title={Common SNPs explain a large proportion of the heritability for human height},
  author={Yang, Jian and Benyamin, Beben and McEvoy, Brian P and Gordon, Scott and Henders, Anjali K and Nyholt, Dale R and Madden, Pamela A and Heath, Andrew C and Martin, Nicholas G and Montgomery, Grant W and others},
  journal={Nature genetics},
  volume={42},
  number={7},
  pages={565},
  year={2010},
  publisher={Nature Publishing Group}
}
@article{pearson1900x,
  title={X. On the criterion that a given system of deviations from the probable in the case of a correlated system of variables is such that it can be reasonably supposed to have arisen from random sampling},
  author={Pearson, Karl},
  journal={The London, Edinburgh, and Dublin Philosophical Magazine and Journal of Science},
  volume={50},
  number={302},
  pages={157--175},
  year={1900},
  publisher={Taylor \& Francis}
}
@article{d1971omnibus,
  title={An omnibus test of normality for moderate and large size samples},
  author={d'Agostino, Ralph B},
  journal={Biometrika},
  volume={58},
  number={2},
  pages={341--348},
  year={1971},
  publisher={Oxford University Press}
}
@article{plackett1983karl,
  title={Karl Pearson and the chi-squared test},
  author={Plackett, Robin L},
  journal={International Statistical Review/Revue Internationale de Statistique},
  pages={59--72},
  year={1983},
  publisher={JSTOR}
}
@article{szumilas2010explaining,
  title={Explaining odds ratios},
  author={Szumilas, Magdalena},
  journal={Journal of the Canadian academy of child and adolescent psychiatry},
  volume={19},
  number={3},
  pages={227},
  year={2010},
  publisher={Canadian Academy of Child and Adolescent Psychiatry}
}
@Inbook{Refaeilzadeh2009,
author="Refaeilzadeh, Payam
and Tang, Lei
and Liu, Huan",
editor="LIU, LING
and {\"O}ZSU, M. TAMER",
title="Cross-Validation",
bookTitle="Encyclopedia of Database Systems",
year="2009",
publisher="Springer US",
address="Boston, MA",
pages="532--538",
isbn="978-0-387-39940-9",
doi="10.1007/978-0-387-39940-9_565",
url="https://doi.org/10.1007/978-0-387-39940-9_565"
}
@article{fawcett2006introduction,
  title={An introduction to ROC analysis},
  author={Fawcett, Tom},
  journal={Pattern recognition letters},
  volume={27},
  number={8},
  pages={861--874},
  year={2006},
  publisher={Elsevier}
}
@book{geron2017hands,
  title={Hands-on machine learning with Scikit-Learn and TensorFlow: concepts, tools, and techniques to build intelligent systems},
  author={G{\'e}ron, Aur{\'e}lien},
  year={2017},
  publisher={" O'Reilly Media, Inc."}
}
@article{ali2013genetics,
  title={Genetics of type 2 diabetes},
  author={Ali, Omar},
  journal={World journal of diabetes},
  volume={4},
  number={4},
  pages={114},
  year={2013},
  publisher={Baishideng Publishing Group Inc}
}
@book{world2016global,
  title={Global report on diabetes},
  author={World Health Organization and others},
  year={2016},
  publisher={World Health Organization}
}
@article{venter2001sequence,
  title={The sequence of the human genome},
  author={Venter, J Craig and Adams, Mark D and Myers, Eugene W and Li, Peter W and Mural, Richard J and Sutton, Granger G and Smith, Hamilton O and Yandell, Mark and Evans, Cheryl A and Holt, Robert A and others},
  journal={science},
  volume={291},
  number={5507},
  pages={1304--1351},
  year={2001},
  publisher={American Association for the Advancement of Science}
}
@article{hayden20141,
  title={Is the \$1,000 genome for real?},
  author={Hayden, Erika Check},
  journal={Nature News},
  year={2014}
}
@article{ansorge2009next,
  title={Next-generation DNA sequencing techniques},
  author={Ansorge, Wilhelm J},
  journal={New biotechnology},
  volume={25},
  number={4},
  pages={195--203},
  year={2009},
  publisher={Elsevier}
}
@article{choi2009genetic,
  title={Genetic diagnosis by whole exome capture and massively parallel DNA sequencing},
  author={Choi, Murim and Scholl, Ute I and Ji, Weizhen and Liu, Tiewen and Tikhonova, Irina R and Zumbo, Paul and Nayir, Ahmet and Bakkalo{\u{g}}lu, Ayșin and {\"O}zen, Seza and Sanjad, Sami and others},
  journal={Proceedings of the National Academy of Sciences},
  volume={106},
  number={45},
  pages={19096--19101},
  year={2009},
  publisher={National Acad Sciences}
}
@article{zook2014integrating,
  title={Integrating human sequence data sets provides a resource of benchmark SNP and indel genotype calls},
  author={Zook, Justin M and Chapman, Brad and Wang, Jason and Mittelman, David and Hofmann, Oliver and Hide, Winston and Salit, Marc},
  journal={Nature biotechnology},
  volume={32},
  number={3},
  pages={246},
  year={2014},
  publisher={Nature Publishing Group}
}
@article{mccarthy2016reference,
  title={A reference panel of 64,976 haplotypes for genotype imputation},
  author={McCarthy, Shane and Das, Sayantan and Kretzschmar, Warren and Delaneau, Olivier and Wood, Andrew R and Teumer, Alexander and Kang, Hyun Min and Fuchsberger, Christian and Danecek, Petr and Sharp, Kevin and others},
  journal={Nature genetics},
  volume={48},
  number={10},
  pages={1279},
  year={2016},
  publisher={Nature Publishing Group}
}
@article{manolio2009finding,
  title={Finding the missing heritability of complex diseases},
  author={Manolio, Teri A and Collins, Francis S and Cox, Nancy J and Goldstein, David B and Hindorff, Lucia A and Hunter, David J and McCarthy, Mark I and Ramos, Erin M and Cardon, Lon R and Chakravarti, Aravinda and others},
  journal={Nature},
  volume={461},
  number={7265},
  pages={747},
  year={2009},
  publisher={Nature Publishing Group}
}
@article{sanger1977dna,
  title={DNA sequencing with chain-terminating inhibitors},
  author={Sanger, Frederick and Nicklen, Steven and Coulson, Alan R},
  journal={Proceedings of the national academy of sciences},
  volume={74},
  number={12},
  pages={5463--5467},
  year={1977},
  publisher={National Acad Sciences}
}
@article{bick2017successful,
  title={Successful application of whole genome sequencing in a medical genetics clinic},
  author={Bick, David and Fraser, Pamela C and Gutzeit, Michael F and Harris, Jeremy M and Hambuch, Tina M and Helbling, Daniel C and Jacob, Howard J and Kersten, Juliet N and Leuthner, Steven R and May, Thomas and others},
  journal={Journal of pediatric genetics},
  volume={6},
  number={02},
  pages={061--076},
  year={2017},
  publisher={Georg Thieme Verlag KG}
}
@article{macarthur2016new,
  title={The new NHGRI-EBI Catalog of published genome-wide association studies (GWAS Catalog)},
  author={MacArthur, Jacqueline and Bowler, Emily and Cerezo, Maria and Gil, Laurent and Hall, Peggy and Hastings, Emma and Junkins, Heather and McMahon, Aoife and Milano, Annalisa and Morales, Joannella and others},
  journal={Nucleic acids research},
  volume={45},
  number={D1},
  pages={D896--D901},
  year={2016},
  publisher={Oxford University Press}
}
@article{lall2017personalized,
  title={Personalized risk prediction for type 2 diabetes: The potential of genetic risk scores},
  author={L{\"a}ll, Kristi and M{\"a}gi, Reedik and Morris, Andrew and Metspalu, Andres and Fischer, Krista},
  journal={Genetics in Medicine},
  volume={19},
  number={3},
  pages={322},
  year={2017},
  publisher={Nature Publishing Group}
}
@article{goodwin2016coming,
  title={Coming of age: ten years of next-generation sequencing technologies},
  author={Goodwin, Sara and McPherson, John D and McCombie, W Richard},
  journal={Nature Reviews Genetics},
  volume={17},
  number={6},
  pages={333},
  year={2016},
  publisher={Nature Publishing Group}
}
@article{wang2016genetic,
  title={Genetic markers of type 2 diabetes: Progress in genome-wide association studies and clinical application for risk prediction},
  author={Wang, Xueyin and Strizich, Garrett and Hu, Yonghua and Wang, Tao and Kaplan, Robert C and Qi, Qibin},
  journal={Journal of diabetes},
  volume={8},
  number={1},
  pages={24--35},
  year={2016},
  publisher={Wiley Online Library}
}
@article{sanghera2012type,
  title={Type 2 diabetes genetics: beyond GWAS},
  author={Sanghera, Dharambir K and Blackett, Piers R},
  journal={Journal of diabetes \& metabolism},
  volume={3},
  number={198},
  year={2012},
  publisher={NIH Public Access}
}
@article{willemsen2015concordance,
  title={The concordance and heritability of type 2 diabetes in 34,166 twin pairs from international twin registers: the discordant twin (DISCOTWIN) consortium},
  author={Willemsen, Gonneke and Ward, Kirsten J and Bell, Christopher G and Christensen, Kaare and Bowden, Jocelyn and Dalg{\aa}rd, Christine and Harris, Jennifer R and Kaprio, Jaakko and Lyle, Robert and Magnusson, Patrik KE and others},
  journal={Twin Research and Human Genetics},
  volume={18},
  number={6},
  pages={762--771},
  year={2015},
  publisher={Cambridge University Press}
}
@article{reich2001allelic,
  title={On the allelic spectrum of human disease},
  author={Reich, David E and Lander, Eric S},
  journal={TRENDS in Genetics},
  volume={17},
  number={9},
  pages={502--510},
  year={2001},
  publisher={Elsevier}
}
@article{lander2011initial,
  title={Initial impact of the sequencing of the human genome},
  author={Lander, Eric S},
  journal={Nature},
  volume={470},
  number={7333},
  pages={187},
  year={2011},
  publisher={Nature Publishing Group}
}
@article{huyghe2013exome,
  title={Exome array analysis identifies new loci and low-frequency variants influencing insulin processing and secretion},
  author={Huyghe, Jeroen R and Jackson, Anne U and Fogarty, Marie P and Buchkovich, Martin L and Stan{\v{c}}{\'a}kov{\'a}, Alena and Stringham, Heather M and Sim, Xueling and Yang, Lingyao and Fuchsberger, Christian and Cederberg, Henna and others},
  journal={Nature genetics},
  volume={45},
  number={2},
  pages={197},
  year={2013},
  publisher={Nature Publishing Group}
}
@article{hu2017leveraging,
  title={Leveraging functional annotations in genetic risk prediction for human complex diseases},
  author={Hu, Yiming and Lu, Qiongshi and Powles, Ryan and Yao, Xinwei and Yang, Can and Fang, Fang and Xu, Xinran and Zhao, Hongyu},
  journal={PLoS computational biology},
  volume={13},
  number={6},
  pages={e1005589},
  year={2017},
  publisher={Public Library of Science}
}
@article{ioannidis2008effect,
  title={Effect of formal statistical significance on the credibility of observational associations},
  author={Ioannidis, John PA},
  journal={American journal of epidemiology},
  volume={168},
  number={4},
  pages={374--383},
  year={2008},
  publisher={Oxford University Press}
}
@article{o2008bayesian,
  title={Bayesian approaches in evolutionary quantitative genetics},
  author={O’HARA, RB and Cano, JM and Ovaskainen, O and Teplitsky, CAJS and Alho, JS},
  journal={Journal of evolutionary biology},
  volume={21},
  number={4},
  pages={949--957},
  year={2008},
  publisher={Wiley Online Library}
}
@article{stephens2009bayesian,
  title={Bayesian statistical methods for genetic association studies},
  author={Stephens, Matthew and Balding, David J},
  journal={Nature Reviews Genetics},
  volume={10},
  number={10},
  pages={681},
  year={2009},
  publisher={Nature Publishing Group}
}
@article{fernando2017application,
  title={Application of whole-genome prediction methods for genome-wide association studies: a Bayesian approach},
  author={Fernando, Rohan and Toosi, Ali and Wolc, Anna and Garrick, Dorian and Dekkers, Jack},
  journal={Journal of Agricultural, Biological and Environmental Statistics},
  volume={22},
  number={2},
  pages={172--193},
  year={2017},
  publisher={Springer}
}
@article{marchini2007new,
  title={A new multipoint method for genome-wide association studies by imputation of genotypes},
  author={Marchini, Jonathan and Howie, Bryan and Myers, Simon and McVean, Gil and Donnelly, Peter},
  journal={Nature genetics},
  volume={39},
  number={7},
  pages={906},
  year={2007},
  publisher={Nature Publishing Group}
}
@article{friedlander2016analyzing,
  title={Analyzing Genome-wide Association Study Data with the R Package genMOSS},
  author={Friedlander, Matthew and Dobra, Adrian and Massam, H{\'e}lene and Briollais, Laurent},
  journal={arXiv preprint arXiv:1611.07537},
  year={2016}
}
@article{guan2008practical,
  title={Practical issues in imputation-based association mapping},
  author={Guan, Yongtao and Stephens, Matthew},
  journal={PLoS genetics},
  volume={4},
  number={12},
  pages={e1000279},
  year={2008},
  publisher={Public Library of Science}
}
@article{moore2006flexible,
  title={A flexible computational framework for detecting, characterizing, and interpreting statistical patterns of epistasis in genetic studies of human disease susceptibility},
  author={Moore, Jason H and Gilbert, Joshua C and Tsai, Chia-Ti and Chiang, Fu-Tien and Holden, Todd and Barney, Nate and White, Bill C},
  journal={Journal of theoretical biology},
  volume={241},
  number={2},
  pages={252--261},
  year={2006},
  publisher={Elsevier}
}
@article{stern2009polymorphisms,
  title={Polymorphisms in DNA repair genes, smoking, and bladder cancer risk: findings from the international consortium of bladder cancer},
  author={Stern, Mariana C and Lin, Jie and Figueroa, Jonine D and Kelsey, Karl T and Kiltie, Anne E and Yuan, Jian-Min and Matullo, Giuseppe and Fletcher, Tony and Benhamou, Simone and Taylor, Jack A and others},
  journal={Cancer research},
  volume={69},
  number={17},
  pages={6857--6864},
  year={2009},
  publisher={AACR}
}
@inproceedings{dorani2018feature,
  title={Feature Selection for Detecting Gene-Gene Interactions in Genome-Wide Association Studies},
  author={Dorani, Faramarz and Hu, Ting},
  booktitle={International Conference on the Applications of Evolutionary Computation},
  pages={33--46},
  year={2018},
  organization={Springer}
}
@article{szymczak2009machine,
  title={Machine learning in genome-wide association studies},
  author={Szymczak, Silke and Biernacka, Joanna M and Cordell, Heather J and Gonz{\'a}lez-Recio, Oscar and K{\"o}nig, Inke R and Zhang, Heping and Sun, Yan V},
  journal={Genetic epidemiology},
  volume={33},
  number={S1},
  year={2009},
  publisher={Wiley Online Library}
}
@article{kavakiotis2017machine,
  title={Machine learning and data mining methods in diabetes research},
  author={Kavakiotis, Ioannis and Tsave, Olga and Salifoglou, Athanasios and Maglaveras, Nicos and Vlahavas, Ioannis and Chouvarda, Ioanna},
  journal={Computational and structural biotechnology journal},
  volume={15},
  pages={104--116},
  year={2017},
  publisher={Elsevier}
}
@article{meng2009performance,
  title={Performance of random forest when SNPs are in linkage disequilibrium},
  author={Meng, Yan A and Yu, Yi and Cupples, L Adrienne and Farrer, Lindsay A and Lunetta, Kathryn L},
  journal={BMC bioinformatics},
  volume={10},
  number={1},
  pages={78},
  year={2009},
  publisher={BioMed Central}
}
@incollection{nelson2013higher,
  title={Higher order interactions: detection of epistasis using machine learning and evolutionary computation},
  author={Nelson, Ronald M and Kierczak, Marcin and Carlborg, {\"O}rjan},
  booktitle={Genome-Wide Association Studies and Genomic Prediction},
  pages={499--518},
  year={2013},
  publisher={Springer}
}
@article{chen2012random,
  title={Random forests for genomic data analysis},
  author={Chen, Xi and Ishwaran, Hemant},
  journal={Genomics},
  volume={99},
  number={6},
  pages={323--329},
  year={2012},
  publisher={Elsevier}
}
@article{hwang2017biological,
  title={Biological Feature Selection and Disease Gene Identification using New Stepwise Random Forests},
  author={Hwang, Wook-Yeon},
  journal={Industrial Engineering \& Management Systems},
  volume={16},
  number={1},
  pages={64},
  year={2017}
}
@article{hapfelmeier2013new,
  title={A new variable selection approach using random forests},
  author={Hapfelmeier, Alexander and Ulm, Kurt},
  journal={Computational Statistics \& Data Analysis},
  volume={60},
  pages={50--69},
  year={2013},
  publisher={Elsevier}
}
@article{fergus2018utilising,
  title={Utilising Deep Learning and Genome Wide Association Studies for Epistatic-Driven Preterm Birth Classification in African-American Women},
  author={Fergus, Paul and Montanez, Casimiro Curbelo and Abdulaimma, Basma and Lisboa, Paulo and Chalmers, Carl},
  journal={arXiv preprint arXiv:1801.02977},
  year={2018}
}
@article{uppu2016deep,
  title={A Deep Learning Approach to Detect SNP Interactions.},
  author={Uppu, Suneetha and Krishna, Aneesh and Gopalan, Raj P},
  journal={JSW},
  volume={11},
  number={10},
  pages={965--975},
  year={2016}
}
@article{kim2017genetic,
  title={Genetic prediction of type 2 diabetes using deep neural network},
  author={Kim, Jongoh and Kwak, MJ and Bajaj, M},
  journal={Clinical genetics},
  year={2017},
  publisher={Wiley Online Library}
}
@article{mamoshina2016applications,
  title={Applications of deep learning in biomedicine},
  author={Mamoshina, Polina and Vieira, Armando and Putin, Evgeny and Zhavoronkov, Alex},
  journal={Molecular pharmaceutics},
  volume={13},
  number={5},
  pages={1445--1454},
  year={2016},
  publisher={ACS Publications}
}
@article{lecun2015deep,
  title={Deep learning},
  author={LeCun, Yann and Bengio, Yoshua and Hinton, Geoffrey},
  journal={nature},
  volume={521},
  number={7553},
  pages={436},
  year={2015},
  publisher={Nature Publishing Group}
}
@article{xu2003theoretical,
  title={Theoretical basis of the Beavis effect},
  author={Xu, Shizhong},
  journal={Genetics},
  volume={165},
  number={4},
  pages={2259--2268},
  year={2003},
  publisher={Genetics Soc America}
}
@article{hayes2001prediction,
  title={Prediction of total genetic value using genome-wide dense marker maps},
  author={Hayes, BJ and Goddard, ME and others},
  journal={Genetics},
  volume={157},
  number={4},
  pages={1819--1829},
  year={2001},
  publisher={Genetics Soc America}
}