@inproceedings{uppu2016towards,
  title={Towards Deep Learning in genome-Wide Association Interaction studies.},
  author={Uppu, Suneetha and Krishna, Aneesh and Gopalan, Raj P},
  booktitle={PACIS},
  pages={20},
  year={2016}
}

@article{moore2010bioinformatics,
  title={Bioinformatics challenges for genome-wide association studies},
  author={Moore, Jason H and Asselbergs, Folkert W and Williams, Scott M},
  journal={Bioinformatics},
  volume={26},
  number={4},
  pages={445--455},
  year={2010},
  publisher={Oxford University Press}
}

@article{wen2017methodological,
  title={Methodological implementation of mixed linear models in multi-locus genome-wide association studies},
  author={Wen, Yang-Jun and Zhang, Hanwen and Ni, Yuan-Li and Huang, Bo and Zhang, Jin and Feng, Jian-Ying and Wang, Shi-Bo and Dunwell, Jim M and Zhang, Yuan-Ming and Wu, Rongling},
  journal={Briefings in bioinformatics},
  pages={bbw145},
  year={2017},
  publisher={Oxford University Press}
}

@article{mccarthy2009genome,
  title={Genome-wide association studies in type 2 diabetes},
  author={McCarthy, Mark I and Zeggini, Eleftheria},
  journal={Current diabetes reports},
  volume={9},
  number={2},
  pages={164--171},
  year={2009},
  publisher={Springer}
}

@article{fuchsberger2016genetic,
  title={The genetic architecture of type 2 diabetes},
  author={Fuchsberger, Christian and Flannick, Jason and Teslovich, Tanya M and Mahajan, Anubha and Agarwala, Vineeta and Gaulton, Kyle J and Ma, Clement and Fontanillas, Pierre and Moutsianas, Loukas and McCarthy, Davis J and others},
  journal={Nature},
  volume={536},
  number={7614},
  pages={41--47},
  year={2016},
  publisher={Nature Research}
}

@article{prasad2015genetics,
  title={Genetics of type 2 diabetesâ€”pitfalls and possibilities},
  author={Prasad, Rashmi B and Groop, Leif},
  journal={Genes},
  volume={6},
  number={1},
  pages={87--123},
  year={2015},
  publisher={Multidisciplinary Digital Publishing Institute}
}

@article{zuk2012mystery,
  title={The mystery of missing heritability: Genetic interactions create phantom heritability},
  author={Zuk, Or and Hechter, Eliana and Sunyaev, Shamil R and Lander, Eric S},
  journal={Proceedings of the National Academy of Sciences},
  volume={109},
  number={4},
  pages={1193--1198},
  year={2012},
  publisher={National Acad Sciences}
}

@article{vijan2010type,
  title={Type 2 diabetes},
  author={Vijan, Sandeep},
  journal={Annals of internal medicine},
  volume={152},
  number={5},
  pages={ITC3--1},
  year={2010},
  publisher={Am Coll Physicians}
}